@book{susanna2020,
  author    = {Susanna S. Epp},
  title     = {Discrete mathematics and its applications},
  year      = {2020},
  publisher = {Cengage Learning},
  address   = {Boston, MA}
}



@article{doe2021,
  author  = {Alice Doe and Bob Brown},
  title   = {The impact of social media on learning},
  journal = {Journal of Education Research},
  year    = {2021},
  volume  = {12},
  number  = {3},
  pages   = {45-56}
}